@preamble{ "\newcommand{\noopsort}[1]{} "
        # "\newcommand{\printfirst}[2]{#1} "
        # "\newcommand{\singleletter}[1]{#1} "
        # "\newcommand{\switchargs}[2]{#2#1} " }
        
        
@MISC{elastic-reference,
	Author = "Elastic Inc.",
    title = {\textit{Elasticsearch Reference Guide}},
    year = 2016,
    howpublished = "\url{https://www.elastic.co/guide/en/elasticsearch/reference/current/index.html}",	
}
@INBOOK{yuan-interface,
    author = "Jonas X. Yuan",
    title = {\textit{Liferay user interface development: develop a powerful and rich user interface with Liferay Portal 6}},
    isbn={1782162356},    	
    publisher = "Packt Pub",
    edition = "Birmingham, U.K. xi, 359 p. 2010.",    
    year = "2010",
}

@INBOOK{yuan-build,
	author = "Jonas X. Yuan",
	title = {\textit{Liferay portal systems development: build dynamic, content-rich, and social systems on top of Liferay}},  
	isbn={1849515999},     	
	publisher = "Packt Open Source",
	edition = "1st ed. Birmingham, U.K. xiv, 515 p, 2012",    
	year = "2012",
}

@INBOOK{z39501,
	author = "Marcia J. Bates",
	title = {\textit{Understanding Information Retrieval Systems: Management, Types, and Standards}},  
	isbn={1466551356},     	
	publisher = "Auerbach Publications",
	edition = "1st ed.",    
	year = "2011",
}

@INBOOK{oai1,
	author = "Jonas X. Yuan",
	title = {\textit{Object reuse and exchange (OAI-ORE)}}, 
	isbn={0838958109},      	
	publisher = "Chicago, IL : ALA TechSource, Â©2010",
	edition = "Library technology reports, v. 46, no. 4.",    
	year = "2010",
}

@INBOOK{portal-common1,
	author = "Arthur Tatnall",
	title = {\textit{Web Portals: The New Gateways to Internet Information and Services}},    	
	isbn={159140438X},   
	publisher = "Idea group publishing",
	edition = "August, 2004",    
	year = "2004",
}

@INBOOK{portal-common2,
	author = "Richard N. Katz",
	title = {\textit{Web Portals and Higher Education: Technologies to Make IT Personal}},   
	isbn={078796171X},    	
	publisher = "Wiley",
	edition = "August, 2004",    
	year = "2004",
}

@INBOOK{dublin-core,
	author = "Javier Nogueras-Iso{,} Francisco Javier Zarazaga-Soria{,} Pedro R. Muro-Medrano",
	title = {\textit{Geographic Information Metadata for Spatial Data Infrastructures: Resources, Interoperability and Information Retrieval}},    
	isbn={3540244646},   	
	publisher = "Springer Science \& Business Media",
	edition = "illustrated edition, 263 p",    
	year = "2005",
}

@INBOOK{uml1,
	author = "Chris Marshall",
	title = {\textit{Enterprise Modeling with UML: Designing Successful Software Through Business Analysis}},    
	isbn={0201433133},   	
	publisher = "Addison-Wesley Professional, 2000",
	edition = "illustrated edition",    
	year = "2000",
}

@INBOOK{uml2,
	author = "Pascal Roques",
	title = {\textit{UML in Practice: The Art of Modeling Software Systems Demonstrated through Worked Examples and Solutions}}, 
	isbn={0470092793},      	
	publisher = "John Wiley \& Sons",	  
	year = "2006",
}

@INBOOK{enterprise-systems,
	title={\textit{Design of Enterprise Systems: Theory, Architecture, and Methods}},
	author={Giachetti, R.E.},
	isbn={9781439882894},	
	year={2016},
	publisher={CRC Press}
}

@INBOOK{java-ee,
	title={\textit{Pro Java EE Spring Patterns: Best Practices and Design Strategies Implementing Java EE Patterns with the Spring Framework}},
	author={Dhrubojyoti Kayal},
	isbn={1430210109},	
	year={2008},
	publisher={Apress}
}

@INBOOK{z39502,
	title={\textit{Emerging Technologies for Knowledge Resource Management}},
	author={M Pandian{,} C R Karisiddappa},
	isbn={1780631200},	
	year={2007},
	publisher={Elsevier}
}

@INBOOK{oai2,
	title={\textit{Research and Advanced Technology for Digital Libraries: 8th European Conference, ECDL 2004, Bath, UK, September 12-17, 2004, Proceedings}},
	author={Rachel Heery{,} Liz Lyon},
	isbn={3540302301},	
	year={2005},
	publisher={Springer}
}


